<record><leader>00000cas a22000007a 4500</leader><controlfield tag="001">17239170</controlfield><controlfield tag="008">871214d19541958wauwr ne      0    0eng d</controlfield><datafield ind1=" " ind2=" " tag="010"><subfield code="a">sn 87093322 </subfield></datafield><datafield ind1=" " ind2=" " tag="040"><subfield code="a">SLZ</subfield><subfield code="b">eng</subfield><subfield code="c">SLZ</subfield><subfield code="d">WAU</subfield><subfield code="d">OCLCQ</subfield></datafield><datafield ind1=" " ind2=" " tag="042"><subfield code="a">msc</subfield></datafield><datafield ind1=" " ind2=" " tag="043"><subfield code="a">n-us-wa</subfield></datafield><datafield ind1="0" ind2="0" tag="245"><subfield code="a">Islander news-record.</subfield></datafield><datafield ind1=" " ind2=" " tag="260"><subfield code="a">Vashon, Wash. :</subfield><subfield code="b">W.H. Salyer</subfield></datafield><datafield ind1=" " ind2=" " tag="300"><subfield code="a">v.</subfield></datafield><datafield ind1=" " ind2=" " tag="310"><subfield code="a">Weekly</subfield></datafield><datafield ind1="0" ind2=" " tag="362"><subfield code="a">Vol. 38, no. 1 (June 3, 1954)-v. 42, no. 22 (May 29, 1958).</subfield></datafield><datafield ind1=" " ind2=" " tag="500"><subfield code="a">Title varies slightly.</subfield></datafield><datafield ind1=" " ind2="4" tag="651"><subfield code="a">Vashon (Wash.)</subfield><subfield code="v">Newspapers.</subfield></datafield><datafield ind1=" " ind2=" " tag="752"><subfield code="a">United States</subfield><subfield code="b">Washington</subfield><subfield code="c">King</subfield><subfield code="d">Vashon.</subfield></datafield><datafield ind1="0" ind2="4" tag="780"><subfield code="t">Vashon Island news-record</subfield><subfield code="w">(DLC)sn 87093323</subfield><subfield code="w">(OCoLC)17239182</subfield></datafield><datafield ind1="0" ind2="4" tag="780"><subfield code="t">Islander (Vashon, Wash.)</subfield><subfield code="w">(DLC)sn 92039388</subfield></datafield><datafield ind1="0" ind2="4" tag="785"><subfield code="t">Vashon-Maury Island beachcomber</subfield><subfield code="w">(DLC)sn 87093320</subfield><subfield code="w">(OCoLC)17239155</subfield></datafield><datafield ind1="1" ind2=" " tag="029"><subfield code="a">AU@</subfield><subfield code="b">000025786246</subfield></datafield></record>